@article{agrawal1995simulated,
  title={Simulated binary crossover for continuous search space},
  author={Deb, Kalyanmoy and Agrawal, Ram Bhushan},
  journal={Complex systems},
  volume={9},
  number={2},
  pages={115--148},
  year={1995}
}

@book{Holland:1992,
 author = {Holland, John H.},
 title = {Adaptation in Natural and Artificial Systems: An Introductory Analysis with Applications to Biology, Control and Artificial Intelligence},
 year = {1992},
 isbn = {0262082136},
 publisher = {MIT Press},
 address = {Cambridge, MA, USA},
} 


@book{Fogel:1995,
 author = {Fogel, David B.},
 title = {Evolutionary Computation: Toward a New Philosophy of Machine Intelligence},
 year = {1995},
 isbn = {0-7803-1038-1},
 publisher = {IEEE Press},
 address = {Piscataway, NJ, USA},
} 

@article{Beyer:2002,
 author = {Beyer, Hans-Georg and Schwefel, Hans-Paul},
 title = {Evolution Strategies -- A Comprehensive Introduction},
 issue_date = {May 2002},
 volume = {1},
 number = {1},
 month = may,
 year = {2002},
 issn = {1567-7818},
 pages = {3--52},
 numpages = {50},
 url = {http://dx.doi.org/10.1023/A:1015059928466},
 doi = {10.1023/A:1015059928466},
 acmid = {584641},
 publisher = {Kluwer Academic Publishers},
 address = {Hingham, MA, USA},
} 

@book{Michalewicz:1996,
 author = {Michalewicz, Zbigniew},
 title = {Genetic Algorithms + Data Structures = Evolution Programs (3rd Ed.)},
 year = {1996},
 isbn = {3-540-60676-9},
 publisher = {Springer-Verlag},
 address = {London, UK, UK},
} 

@book{Mitchell:1996,
 author = {Mitchell, Melanie},
 title = {An Introduction to Genetic Algorithms},
 year = {1996},
 isbn = {0-262-13316-4},
 publisher = {MIT Press},
 address = {Cambridge, MA, USA},
} 

@book{Eiben:2003,
 author = {Eiben, Agoston E. and Smith, J. E.},
 title = {Introduction to Evolutionary Computing},
 year = {2003},
 isbn = {3540401849},
 publisher = {Springer-Verlag},
} 

@book{Koza:1992,
 author = {Koza, John R.},
 title = {Genetic Programming: On the Programming of Computers by Means of Natural Selection},
 year = {1992},
 isbn = {0-262-11170-5},
 publisher = {MIT Press},
 address = {Cambridge, MA, USA},
} 

@book{Koza:1994,
 author = {Koza, John R.},
 title = {Genetic Programming II: Automatic Discovery of Reusable Programs},
 year = {1994},
 isbn = {0-262-11189-6},
 publisher = {MIT Press},
 address = {Cambridge, MA, USA},
} 

@book{Koza:1999,
 author = {Koza, John R. and Andre, David and Bennett, Forrest H. and Keane, Martin A.},
 title = {Genetic Programming III: Darwinian Invention \& Problem Solving},
 year = {1999},
 isbn = {1558605436},
 edition = {1st},
 publisher = {Morgan Kaufmann Publishers Inc.},
 address = {San Francisco, CA, USA},
} 

@book{Koza:2003,
 author = {Koza, John R.},
 title = {Genetic Programming IV: Routine Human-Competitive Machine Intelligence},
 year = {2003},
 isbn = {1402074468},
 publisher = {Kluwer Academic Publishers},
 address = {Norwell, MA, USA},
}

@book{Kennedy:2001,
  title={Swarm intelligence},
  author={Kennedy, James and Kennedy, James F and Eberhart, Russell C and Shi, Yuhui},
  year={2001},
  publisher={Morgan Kaufmann}
}

@book{Sher:2012,
 author = {Sher, Gene I.},
 title = {Handbook of Neuroevolution Through Erlang},
 year = {2012},
 isbn = {1461444624, 9781461444626},
 publisher = {Springer Publishing Company, Incorporated},
} 

@phdthesis{Gruau:199,
    author = {Frédéric Gruau},
    school = {L'universite Claude Bernard-lyon I},
    title = {Neural Network Synthesis Using Cellular Encoding And The Genetic Algorithm.},
    year = {1994}
}

@article{Stanley:2002,
  title={Evolving neural networks through augmenting topologies},
  author={Stanley, Kenneth O and Miikkulainen, Risto},
  journal={Evolutionary computation},
  volume={10},
  number={2},
  pages={99--127},
  year={2002}
}

@article{Stanley:2003,
  title={A taxonomy for artificial embryogeny},
  author={Stanley, Kenneth O and Miikkulainen, Risto},
  journal={Artificial Life},
  volume={9},
  number={2},
  pages={93--130},
  year={2003}
}

\begin{thebibliography}{99}

\bibitem{holland}
J. Holland, \emph{Adaptation in Natural and Artificial Systems}, MIT Press, 1995.

\bibitem{fogel}
D. Fogel, \emph{Evolutionary Computation}, MIT Press, 1995.

\bibitem{schwefel}
H.-G. Beyer and H. P. Schwefel, Evolutionary Strategies: A Comprehensive Introduction, \emph{Natural Computing}, 1, 3-52, 2002.

\bibitem{michal}
Z. Michalewicz, \emph{Gentic Algorithms + Data Structures = Evolutionary Programs}, Springer, 1996.

\bibitem{mitchel}
M. Mitchel, \emph{Introduction to Genetic Algorithms}, MIT Press, 1996.

\bibitem{eiben}
A. E. Eiben and J. E. Smith \emph{Introduction to Evolutionary Computing}, Springer, 2003.

\bibitem{koza}
J. Koza, \emph{Genetic Programming}, MIT Press, 1992.

\bibitem{swarm}
J. Kennedy and R. C. Eberhardt, \emph{Swarm intelligence}, Morgan Kaufmann, 2001.

\bibitem{neuro}
I. G. Sher, \emph{Handbook of Neuroevolution Through Erlang}. Springer, 2012.

\bibitem{gruau}
F. Gruau, \emph{Neural network synthesis using cellular encoding and the genetic algorithm}, Ecole Normale Superieure de Lyon, France, 1994.

\bibitem{stanley}
K. O. Stanley and R. Miikkulainen. A Taxonomy for Artificial Embryogeny. \emph{Artificial Life}, 9, 93-130, MIT Press, 2003. 
\end{thebibliography}
